@Article{SPH_Tutorial_2019,
  author = {Koschier, Dan and Bender, Jan},
  title  = {Smoothed Particle Hydrodynamics Tutorial},
  year   = {2019},
  file   = {:/home/niki/bwSyncShare/partix/papers/sph/BC/SPH_Tutorial.pdf:PDF},
 note = {Available at \url{https://interactivecomputergraphics.github.io/SPH-Tutorial/}}
}
@Article{Price2012,
  author     = {Daniel J. Price},
  journal    = {Journal of Computational Physics},
  title      = {Smoothed particle hydrodynamics and magnetohydrodynamics},
  year       = {2012},
  month      = {feb},
  number     = {3},
  pages      = {759--794},
  volume     = {231},
  abstract   = {Journal of Computational Physics, 231 (2012) 759-794. doi:10.1016/j.jcp.2010.12.011

Es wird SPH sehr genau beschrieben.
Der Grundansatz ist, wie man die Dichte einzelner Partikel schätzt. Hierzu werden drei Ansätze vorgestellt.
Es werden die Fehler durch Taylor entwicklung bestimmt.
Außerdem wird gezeigt, warum eine "ungenauere" gradienten schätzung zu genauren Ergebnissen führt (Stichwort least action principle).
Für die zweite Ableitung sollte eine andere Kernelfunktion eingeführt werden, da diese sonst negativ werden kann.
General formalism of disspiative sph terms},
  doi        = {10.1016/j.jcp.2010.12.011},
  file       = {:/home/niki/bwSyncShare/partix/papers/sph/Price_2012.pdf:PDF},
  groups     = {sph},
  keywords   = {Particle methods, Hydrodynamics, sph, spmhd, Magnetohydrodynamics (MHD), Astrophysics, disspative terms},
  publisher  = {Elsevier {BV}},
  ranking    = {rank5},
  readstatus = {read},
}
@Article{Monaghan2005,
  author    = {J J Monaghan},
  journal   = {Reports on Progress in Physics},
  title     = {Smoothed particle hydrodynamics},
  year      = {2005},
  month     = {jul},
  number    = {8},
  pages     = {1703--1759},
  volume    = {68},
  abstract  = {In this review the theory ...},
  doi       = {10.1088/0034-4885/68/8/r01},
  file      = {:/home/niki/bwSyncShare/partix/papers/sph/monaghan2005_review.pdf:PDF},
  groups    = {sph},
  priority  = {prio1},
  publisher = {{IOP} Publishing},
  ranking   = {rank5},
  url       = {https://doi.org/10.1088/0034-4885/68/8/r01},
}
@Article{O_Connor_2021,
  author    = {Joseph O'Connor and Benedict D. Rogers},
  journal   = {Journal of Fluids and Structures},
  title     = {A fluid{\textendash}structure interaction model for free-surface flows and flexible structures using smoothed particle hydrodynamics on a {GPU}},
  year      = {2021},
  month     = {jul},
  pages     = {103312},
  volume    = {104},
  doi       = {10.1016/j.jfluidstructs.2021.103312},
  file      = {:/home/niki/bwSyncShare/partix/papers/discrete_multiphysics/j.jfluidstructs.2021.103312.pdf:PDF},
  groups    = {discrete multiphysic, solid},
  publisher = {Elsevier {BV}},
}
@InCollection{Patel2015,
  author    = {Nisarg Patel and Uwe Küster},
  booktitle = {Sustained Simulation Performance 2015},
  publisher = {Springer International Publishing},
  title     = {Semi-Automatic Segmentation and Analysis of Vascular Structures in {CT} Data},
  year      = {2015},
  pages     = {205--218},
  doi       = {10.1007/978-3-319-20340-9_17},
  groups    = {Biomechanik},
}
